@inproceedings{bhosale:emnlp13,
title={Detecting Promotional Content in Wikipedia},
author={Shruti Bhosale and Heath Vinicombe and Raymond J. Mooney},
booktitle={Proceedings of the 2013 Conference on Empirical Methods in Natural Language Processing (EMNLP 2013)},
month={October},
address={Seattle, WA},
pages={1851--1857},
url="http://www.cs.utexas.edu/users/ai-lab/pub-view.php?PubID=127401",
year={2013}
}

@Unpublished{deep-learning-vectors,
    author = {Yuanzhen Guo, Mizuho Iwaihara},
    title = {Detection of text-based advertising and promotion in Wikipedia by deep learning method},
    month = {July},
    year = {2015},
}
